<record><leader>00000cas a22000007a 4500</leader><controlfield tag="001">12158457</controlfield><controlfield tag="008">850614d18541861pauwr ne      0    0eng d</controlfield><datafield ind1=" " ind2=" " tag="010"><subfield code="a">sn 85054652 </subfield></datafield><datafield ind1=" " ind2=" " tag="040"><subfield code="a">NPH</subfield><subfield code="b">eng</subfield><subfield code="c">NPH</subfield><subfield code="d">OCLCQ</subfield></datafield><datafield ind1=" " ind2=" " tag="042"><subfield code="a">msc</subfield></datafield><datafield ind1="0" ind2=" " tag="130"><subfield code="a">American watchman (Lock Haven, Pa.)</subfield></datafield><datafield ind1="1" ind2="4" tag="245"><subfield code="a">The American watchman.</subfield></datafield><datafield ind1=" " ind2=" " tag="260"><subfield code="a">Lock Haven, Pa. :</subfield><subfield code="b">T. Martin</subfield></datafield><datafield ind1=" " ind2=" " tag="300"><subfield code="a">v. ;</subfield><subfield code="c">55 cm.</subfield></datafield><datafield ind1=" " ind2=" " tag="310"><subfield code="a">Weekly</subfield></datafield><datafield ind1="1" ind2=" " tag="362"><subfield code="a">Began in 1854.</subfield><subfield code="z">Cf. Linn, J. Hist. of Centre and Clinton Counties, Pennsylvania.</subfield></datafield><datafield ind1="1" ind2=" " tag="362"><subfield code="a">Ceased in 1861?</subfield></datafield><datafield ind1=" " ind2=" " tag="588"><subfield code="a">Description based on: Vol. 2, no. 30 (Aug. 8, 1856).</subfield></datafield><datafield ind1=" " ind2=" " tag="752"><subfield code="a">United States</subfield><subfield code="b">Pennsylvania</subfield><subfield code="c">Clinton</subfield><subfield code="d">Lock Haven.</subfield></datafield><datafield ind1="0" ind2="0" tag="780"><subfield code="t">Clinton tribune</subfield><subfield code="w">(DLC)sn 85054651</subfield></datafield></record>